<?xml version="1.0" encoding="UTF-8"?><collection xmlns="http://www.loc.gov/MARC21/slim"><record><leader>00425nam--2200157-i-4500</leader><controlfield tag="001">000011237</controlfield><controlfield tag="002">20161230</controlfield><controlfield tag="005">20170108173247</controlfield><controlfield tag="008">060222s1000------------r-----000-0-eng-d</controlfield><datafield ind1=" " ind2=" " tag="100"><subfield code="a">Abbate, M. J</subfield></datafield><datafield ind1=" " ind2=" " tag="245"><subfield code="a">Facilidad para la medicion de espectros de neutrones por el metodo de tiempo de vuelo</subfield></datafield><datafield ind1=" " ind2=" " tag="260"><subfield code="a">Buenos Aires</subfield><subfield code="b">C.N.E.A</subfield><subfield code="c">1974</subfield></datafield><datafield ind1=" " ind2=" " tag="300"><subfield code="a">24 p</subfield></datafield><datafield ind1=" " ind2=" " tag="490"><subfield code="a">369</subfield></datafield><datafield ind1=" " ind2=" " tag="852"><subfield code="a">14OOO</subfield></datafield><datafield ind1=" " ind2=" " tag="CAT"><subfield code="a">SYS</subfield><subfield code="c">20170108</subfield><subfield code="h">173247</subfield></datafield></record></collection>